    @BOOK{Pravidla,
      author =       "{Arun Gupta}",
      title =        "Java EE 6 Pocet Guide",
      publisher =    "O'REILLY",
      year =         "2012",
      note =         "ISBN~978-1-449-33668-4",
    }
    
    @BOOK{Knuth,
      author =       "Ben Margolis and Joseph L. Sharpe",
      title =        "SOA for the Business Developer: Concepts, BPEL, and SCA",
      publisher =    "MC Press",
      year =         "2007",
      note =         "ISBN~1-58347-065-4",
    }
    
 @BOOK{bootstrapbook,
      author =       "David Cochran",
      title =        "Twitter Bootstrap Web Development How-To",
      publisher =    "Packt Publishing",
      year =         "2012",
      note =         "ISBN~978-1849518826",
    }
 

   

   @MISC{jbossWeb,
      author =       "{WWW str√°nky}",  
      title =        "JBoss",
      publisher =    "JBoss",
      year =         "2013-12-16 [cit. 2013-12-27]",
      howpublished=  "{\tt https://docs.jboss.org/author/display/AS71/Documentation}",
   }

   @MISC{fitWeb,
      author =       "Eric Jendrock and Ricardo Cervera-Navarro and Ian Evans and  Devika Gollapudi and Kim Haase and William Markito and Chinmayee Srivathsa",  
      title =        "The Java EE 6 Tutorial [online]",
      publisher =    "Oracle",
      year =         "2013-11-03 [cit. 2013-10-25]",
      howpublished=  "{\tt http://docs.oracle.com/javaee/6/tutorial/doc/}",
      }

      @MISC{boot,
      author =       "Mark Otto Jacob Thornton Chris Rebert Julian Thilo",  
      title =        "Twitter Bootstrap [online]",
      publisher =    "Oracle",
      year =         "2013-12-16 [cit. 2013-12-27]",
      howpublished=  "{\tt hhttp://getbootstrap.com/}",
      }

   
    @BOOK{jbossbook,
      author =       "Tom Marrs Scott Davis",
      title =        "JBoss at Work: A Practical Guide  ",
      publisher =    "O'Reilly Media",
      year =         "2006",
      note =         "ISBN~978-596-00734-8",
    }


